@misc{bridgeland2006stabilityconditionstriangulatedcategories,
      title={Stability conditions on triangulated categories},
      author={Tom Bridgeland},
      year={2006},
      eprint={math/0212237},
      archivePrefix={arXiv},
      primaryClass={math.AG},
      url={https://arxiv.org/abs/math/0212237},
}
